@BOOK{bib2,
  title = {asdasd},
  publisher = {asdasd},
  year = {2012},
  editor = {asdasd},
  author = {asdasd}
}
